@online{noauthor_bus401_nodate,
	title = {{BUS}401: How Emotion and Mood Influence Behavior},
	url = {https://learn.saylor.org/mod/page/view.php?id=12984},
	shorttitle = {{BUS}401},
	author = {Saylor Academy},
	urldate = {2023-11-02},
	langid = {english},
	file = {Snapshot:C\:\\Users\\celin\\Zotero\\storage\\7ZDXTHGH\\view.html:text/html},
}

@online{noauthor_mental_nodate,
	title = {Mental health in the workplace},
	url = {https://www.who.int/teams/mental-health-and-substance-use/promotion-prevention/mental-health-in-the-workplace},
	urldate = {2023-11-02},
	langid = {english},
        author = {WHO},
	file = {Snapshot:C\:\\Users\\celin\\Zotero\\storage\\SBIQ42RH\\mental-health-in-the-workplace.html:text/html},
}



@article{inuwa_job_2016,
	title = {Job Satisfaction and Employee Performance: An Empirical Approach},
	volume = {1},
	rights = {Copyright (c) 2016 Mohammed Inuwa},
	issn = {2225-2533},
	url ={http://www.themillenniumuniversity.edu.bd/journal/index.php/TMUJ/article/view/10},
	doi = {10.58908/tmuj.v1i1.10},
	shorttitle = {Job Satisfaction and Employee Performance},
	pages = {90--103},
	number = {1},
	journaltitle = {The Millennium University Journal},
	author = {Inuwa, Mohammed},
	urldate = {2023-11-02},
	date = {2016-12-11},
	langid = {english},
}


@article{chen_improving_2012,
	title = {Improving employees' job satisfaction and innovation performance using conflict management},
	volume = {23},
	issn = {1044-4068},
	url = {https://doi.org/10.1108/10444061211218276},
	doi = {10.1108/10444061211218276},
	pages = {151--172},
	number = {2},
	journaltitle = {International Journal of Conflict Management},
	author = {Chen, Xiao‚ÄêHong and Zhao, Ke and Liu, Xiang and Dash, Wu Desheng},
	urldate = {2023-11-02},
	date = {2012-01-01},
	note = {Publisher: Emerald Group Publishing Limited},
}


@online{WHO_guide_employee,
	title = {Mental health at work: tips for employees},
	url = {https://cdn.who.int/media/docs/default-source/mental-health/mental-health-at-work/mental-health-at-work-tips-for-employers-(003).pdf?sfvrsn=dce3fd8e_3},
	urldate = {2023-11-02},
	langid = {english},
        author = {WHO},
}

@online{WHO_guide_policymakers,
	title = {Mental health at work: guidance for policymakers},
	url = {https://cdn.who.int/media/docs/default-source/mental-health/mental-health-at-work/mental-health-at-work-guidance-for-policy-makers.pdf?sfvrsn=d0a949d1_3},
	urldate = {2023-11-02},
	langid = {english},
        author = {WHO},
}