@article{research-1,
  author    = {Rynke Douwes, Janneke Metselaar, Gerdina Hendrika Maria Pijnenborg and Nynke Boonstra},
  title     = {Well-being of students in higher education: The importance of a student perspective},
  journal   = {Cogent Education},
  volume    = {10},
  number    = {1},
  pages     = {2190697},
  year      = {2023},
  publisher = {Cogent OA},
  doi       = {10.1080/2331186X.2023.2190697},
  url       = {https://doi.org/10.1080/2331186X.2023.2190697}
}

@article{research-2,
  author    = {Liu, Xinqiao and Ping, Siqing and Gao, Wenjuan},
  title     = {Changes in Undergraduate Students' Psychological Well-Being as They Experience University Life},
  journal   = {International Journal of Environmental Research and Public Health},
  volume    = {16},
  number    = {16},
  pages     = {2864},
  year      = {2019},
  publisher = {MDPI},
  url       = {https://www.mdpi.com/1660-4601/16/16/2864},
  doi       = {10.3390/ijerph16162864}
}

@article{research-3,
    author = {Febrilia, Ika and Warokka, Ari and Abdullah, Haim Hilman},
    title = {University Students' Emotion State and Academic Performance: New Insights of Managing Complex Cognitive},
    journal = {Journal of e-Learning \& Higher Education},
    volume = {2011},
    year = {2011},
    pages = {15 pages},
    doi = {10.5171/2011.879553},
    url = {http://dx.doi.org/10.5171/2011.879553},
    publisher = {IBIMA Publishing},
}

@article{research-4,
  author    = {Anne Kathryn Soutter, Billy O'Steen and Alison Gilmore},
  title     = {The student well-being model: a conceptual framework for the development of student well-being indicators},
  journal   = {International Journal of Adolescence and Youth},
  volume    = {19},
  number    = {4},
  pages     = {496-520},
  year      = {2014},
  publisher = {Routledge},
  doi       = {10.1080/02673843.2012.754362},
  doi       = {https://doi.org/10.1080/02673843.2012.754362}
}

@article{research-5,
  author  = {Tina Hascher},
  title   = {Quantitative and qualitative research approaches to assess student well-being},
  journal = {International Journal of Educational Research},
  volume  = {47},
  number  = {2},
  pages   = {84-96},
  year    = {2008},
  note    = {Application of qualitative and quantitative methods to enrich understanding of emotional and motivational aspects of learning},
  issn    = {0883-0355},
  doi     = {https://doi.org/10.1016/j.ijer.2007.11.016},
  url     = {https://www.sciencedirect.com/science/article/pii/S0883035508000281}
}

% Application Reviews

@article{moodfit-review,
  author = {Kapoor, Aayushi},
  title = {Moodfit App Review: An App For Bracing Up Your Mental Health!},
  date = {2023-05-15},
  url = {https://www.calmsage.com/moodfit-app-review/},
  journal = {Calm Sage},
  note = {Accessed: 2024-01-23}
}

@article{worrywatch-review,
  author = {Marschall, Amy},
  title = {I'm a Therapist Who Journaled With the Worry Watch App to Conquer My Anxiety},
  date = {2023-10-04},
  url = {https://www.verywellmind.com/i-tried-worry-watch-review-7768309?print},
  journal = {Verywell Mind},
  note = {Accessed: 2024-09-17}
}

@article{moodtools-review,
  author = {Su, Langting and Anderson, Page Lyn},
    title = {User Behavior of a Publicly Available, Free-to-Use, Self-guided mHealth App for Depression: Observational Study in a Global Sample},
    journal = {JMIR Formative Research},
    volume = {6},
    number = {10},
    pages = {e35538},
    date = {2022-10-25},
    doi = {10.2196/35538},
    url = {https://formative.jmir.org/2022/10/e35538},
    publisher = {JMIR Publications},
    note = {Accessed: 2024-09-17}
}

@article{emoods-review,
  author = {Saperstein, Alice},
  title = {Apps for Mood-Tracking: A Professional Reviews the Products},
  date = {2014-10-22},
  url = {https://onemindpsyberguide.org/expert-review/mental-health-tracking-apps-professional-review-psyberguide/},
  journal = {One Mind PsyberGuide},
  note = {Accessed: 2024-01-23}
}

@article{moodkit-review,
  author = {Knable, Michael},
    title = {MoodKit: A Professional Review},
  date = {2015-10-01},
  url = {https://onemindpsyberguide.org/guide/expert-review/moodkit-expert-review/},
  journal = {One Mind PsyberGuide},
  note = {Accessed: 2024-09-17}
}

@article{daylio-review,
  author = {Bell, Caitlin},
  title = {Daylio App Review 2023: Pros \& Cons, Cost \& Who It's Right For},
  date = {2024-04-15},
  url = {https://www.choosingtherapy.com/daylio-app-review/},
  journal = {Choosing Therapy},
  note = {Accessed: 2024-09-17}
}

% PACT Model
@book{pact-model,
author = {Benyon, David and Turner, Phil and Turner, Susan},
year = {2005},
month = {01},
pages = {},
title = {Designing interactive systems: People, activities, contexts, technologies}
}

% Questionnaire Reviews

@article{bdi-review,
  author = {Cuncic, Arlin and Gans, Steven},
  title = {Beck Depression Inventory: Uses, Reliability, Where to Take the Test},
  date = {2023-05-19},
  url = {https://www.verywellmind.com/what-is-the-beck-depression-inventory-5294126},
  journal = {Verywell Mind},
  note = {Accessed: 2024-09-20}
}

@article{brums-review,
  author = {Brandt, Ricardo and Herrero, Dafne and Massetti, Thaís and Crocetta, Tânia Brusque and Guarnieri, Regiani and Monteiro, Carlos Bandeira de Mello and Viana, Maick da Silveira and Bevilacqua, Guilherme Guimarães and Abreu, Luiz Carlos and Andrade, Alexandro},
  title = {The Brunel Mood Scale Rating in Mental Health for Physically Active and Apparently Healthy Populations},
  date = {2016-01-28},
  url = {http://dx.doi.org/10.4236/health.2016.82015},
  journal = {Health},
  note = {Accessed: 2024-09-20}
}

@article{dass-review,
  author = {Lee, Jiyeon and Lee, Eun-Hyun and Moon, Seung Hei},
  title = {Systematic review of the measurement properties of the Depression Anxiety Stress Scales-21 by applying updated COSMIN methodology},
  journal = {Quality of Life Research},
  volume = {28},
  number = {9},
  pages = {2325-2339},
  year = {2019},
  doi = {10.1007/s11136-019-02177-x},
  url = {https://pubmed.ncbi.nlm.nih.gov/30937732/},
  note = {Accessed: 2024-09-20}
}

@article{gad-review,
  author = {Sapra, Amit and Bhandari, Priyanka and Sharma, Shivani and Chanpura, Trupesh and Lopp, Lauri},
  title = {Using Generalized Anxiety Disorder-2 (GAD-2) and GAD-7 in a Primary Care Setting},
  date = {2020-05-21},
  url = {https://doi.org/10.7759/cureus.8224},
  journal = {Cureus},
  note = {Accessed: 2024-09-20}
}

@article{maas-review,
  author = {Miller, Kelly},
  title = {The Mindful Attention Awareness Scale (MAAS)},
  date = {2019-08-28},
  url = {https://positivepsychology.com/mindful-attention-awareness-scale-maas/},
  journal = {Positive Psychology},
  note = {Accessed: 2024-09-20}
}

@article{mfq-review,
  author = {Wikipedia contributors},
  title = {Mood and Feelings Questionnaire},
  date = {2024-09-17},
  url = {https://en.wikipedia.org/wiki/The_Mood_and_Feelings_Questionnaire},
  journal = {Wikipedia},
  note = {Accessed: 2024-09-20}
}

@article{mfq-short-review,
  author = {Adrian Angold and Elizabeth J. Costello},
  title = {Mood and Feelings Questionnaire (Short Version)},
  journal = {Journal of Child Psychology and Psychiatry},
  year = {1987},
  url = {https://www.seattlechildrens.org/globalassets/documents/healthcare-professionals/pal/ratings/smfq-rating-scale.pdf},
  note = {Accessed: 2024-09-24}
}

@article{panas-review,
  author = {Riopel, Leslie and Smith, William},
  title = {What is the Positive and Negative Affect Schedule (PANAS)},
  date = {2019-08-20},
  url = {https://positivepsychology.com/positive-and-negative-affect-schedule-panas/},
  journal = {Positive Psychology},
  note = {Accessed: 2024-09-20}
}

@article{phq9-review,
  author = {Kroenke, Kurt and Spitzer, Robert L. and Williams, John B. W.},
  title = {The PHQ-9: Validity of a Brief Depression Severity Measure},
  date = {2001-09},
  url = {https://doi.org/10.1046/j.1525-1497.2001.016009606.x},
  journal = {Journal of General Internal Medicine},
  note = {Accessed: 2024-09-20}
}

@article{pss-review,
  author = {Harris, Kristie M. and Gaffey, Allison E. and Schwartz, Joseph E. and Krantz, David S. and Bu, Matthew M.},
  title = {The Perceived Stress Scale as a Measure of Stress: Decomposing Score Variance in Longitudinal Behavioral Medicine Studies},
  date = {2023-04-21},
  url = {https://doi.org/10.1093/abm/kaad015},
  journal = {Annals of Behavioral Medicine},
  note = {Accessed: 2024-09-20}
}

@article{sacq-review,
  author = {Liga, Francesca and Ingoglia, Salvatore and Lo Cricchio, Maria G. and Lo Coco, Antonio},
  title = {Revision of the Student Adaptation to College Questionnaire (SACQ) for Use with Italian Students},
  date = {2022},
  url = {https://doi.org/10.13129/2612-4033/0110-3413},
  journal = {Journal of Clinical \& Developmental Psychology},
  note = {Accessed: 2024-09-20}
}

@article{sacq-short-review,
  author = {López-Angulo, Yaranay and Cobo-Rendón, Rubia and Saéz-Delgado, Fabiola and Díaz Mujica, Alejandro},
  title = {Exploratory Factor Analysis of the Student Adaptation to College Questionnaire Short Version in a Sample of Chilean University Students},
  date = {2021-03},
  url = {https://www.researchgate.net/publication/350386621},
  journal = {Universal Journal of Educational Research},
  doi = {10.13189/ujer.2021.090414},
  note = {Accessed: 2024-09-20}
}

@article{wemwbs-review,
  author = {Stewart-Brown, Sarah and Platt, Stephen and Tennant, Ruth and Parkinson, Jane and Joseph, Stephen and Weich, Scott and Secker, Jenny},
  title = {The Warwick-Edinburgh Mental Wellbeing Scale (WEMWBS)},
  date = {2020-01-31},
  url = {https://warwick.ac.uk/fac/sci/med/research/platform/wemwbs/about/},
  journal = {Warwick Medical School},
  note = {Accessed: 2024-09-20}
}

% Color

@article{adobe-color,
  author    = {Aliza Ackerman (Adobe contributor)},
  title     = {Color Meaning and Symbolism},
  journal   = {Adobe Creative Cloud},
  year      = {2023},
  url       = {https://www.adobe.com/creativecloud/design/discover/color-meaning.html}
}