@article{article,
author = {Jordan, Pascal and Shedden-Mora, Meike and LÃ¶we, Bernd},
year = {2017},
month = {08},
pages = {},
title = {Psychometric analysis of the Generalized Anxiety Disorder scale (GAD-7) in primary care using modern item response theory},
volume = {12},
journal = {PLoS ONE},
doi = {10.1371/journal.pone.0182162}
}