@article{research-2,
    author = {Liu, Xinqiao and Ping, Siqing and Gao, Wenjuan},
    title = {Changes in Undergraduate Studentsâ€™ Psychological Well-Being as They Experience University Life},
    journal = {International Journal of Environmental Research and Public Health},
    volume = {16},
    number = {16},
    pages = {2864},
    year = {2019},
    publisher = {MDPI},
    url = {https://www.mdpi.com/1660-4601/16/16/2864},
    doi = {10.3390/ijerph16162864},
}