@article{research-4,
    title = {Quantitative and qualitative research approaches to assess student well-being},
    journal = {International Journal of Educational Research},
    volume = {47},
    number = {2},
    pages = {84-96},
    year = {2008},
    note = {Application of qualitative and quantitative methods to enrich understanding of emotional and motivational aspects of learning},
    issn = {0883-0355},
    doi = {https://doi.org/10.1016/j.ijer.2007.11.016},
    url = {https://www.sciencedirect.com/science/article/pii/S0883035508000281},
    author = {Tina Hascher}
}