@article{research-1,
  author = {Rynke Douwes, Janneke Metselaar, Gerdina Hendrika Maria Pijnenborg and Nynke Boonstra},
  title = {Well-being of students in higher education: The importance of a student perspective},
  journal = {Cogent Education},
  volume = {10},
  number = {1},
  pages = {2190697},
  year = {2023},
  publisher = {Cogent OA},
  doi = {10.1080/2331186X.2023.2190697},
  url = {https://doi.org/10.1080/2331186X.2023.2190697}
}

@article{research-2,
  author = {Liu, Xinqiao and Ping, Siqing and Gao, Wenjuan},
  title = {Changes in Undergraduate Studentsâ€™ Psychological Well-Being as They Experience University Life},
  journal = {International Journal of Environmental Research and Public Health},
  volume = {16},
  number = {16},
  pages = {2864},
  year = {2019},
  publisher = {MDPI},
  url = {https://www.mdpi.com/1660-4601/16/16/2864},
  doi = {10.3390/ijerph16162864},
}

@article{research-3,
  author = {Anne Kathryn Soutter, Billy O'Steen and Alison Gilmore},
  title = {The student well-being model: a conceptual framework for the development of student well-being indicators},
  journal = {International Journal of Adolescence and Youth},
  volume = {19},
  number = {4},
  pages = {496-520},
  year = {2014},
  publisher = {Routledge},
  doi = {10.1080/02673843.2012.754362},
  url = {https://doi.org/10.1080/02673843.2012.754362}
}

@article{research-4,
  author = {Tina Hascher},
  title = {Quantitative and qualitative research approaches to assess student well-being},
  journal = {International Journal of Educational Research},
  volume = {47},
  number = {2},
  pages = {84-96},
  year = {2008},
  note = {Application of qualitative and quantitative methods to enrich understanding of emotional and motivational aspects of learning},
  issn = {0883-0355},
  doi = {https://doi.org/10.1016/j.ijer.2007.11.016},
  url = {https://www.sciencedirect.com/science/article/pii/S0883035508000281}
}