@article{research-1,
    author = {Rynke Douwes, Janneke Metselaar, Gerdina Hendrika Maria Pijnenborg and Nynke Boonstra},
    title = {Well-being of students in higher education: The importance of a student perspective},
    journal = {Cogent Education},
    volume = {10},
    number = {1},
    pages = {2190697},
    year = {2023},
    publisher = {Cogent OA},
    doi = {10.1080/2331186X.2023.2190697},
    url = {https://doi.org/10.1080/2331186X.2023.2190697}
}