@article{research-4,
    author = {Anne Kathryn Soutter, Billy O'Steen and Alison Gilmore},
    title = {The student well-being model: a conceptual framework for the development of student well-being indicators},
    journal = {International Journal of Adolescence and Youth},
    volume = {19},
    number = {4},
    pages = {496-520},
    year = {2014},
    publisher = {Routledge},
    doi = {10.1080/02673843.2012.754362},
    url = {https://doi.org/10.1080/02673843.2012.754362}
}